<collection xmlns="http://www.loc.gov/MARC21/slim">
<record>
  <leader>01416nam0a22002891i 450 </leader>
  <controlfield tag="001">IT\ICCU\CNCE\038359</controlfield>
  <controlfield tag="005">20160523000000.0</controlfield>
  <datafield tag="100" ind1=" " ind2=" ">
    <subfield code="a">19981028d1596        0itac0103    ba</subfield>
  </datafield>
  <datafield tag="101" ind1=" " ind2=" ">
    <subfield code="a">ITA</subfield>
  </datafield>
  <datafield tag="102" ind1=" " ind2=" ">
    <subfield code="a">IT</subfield>
  </datafield>
  <datafield tag="200" ind1="1" ind2=" ">
    <subfield code="a">Faretra del diuino amore ... Tradotta in volgare dal r. don Serafino da Bologna canonico regolare ...</subfield>
  </datafield>
  <datafield tag="210" ind1=" " ind2=" ">
    <subfield code="a">In Venetia</subfield>
    <subfield code="c">presso Marc&apos;Antonio Zaltieri</subfield>
    <subfield code="d">1596</subfield>
    <subfield code="e">In Venetia</subfield>
    <subfield code="g">presso Marc&apos;Antonio Zaltieri</subfield>
    <subfield code="h">1598</subfield>
  </datafield>
  <datafield tag="215" ind1=" " ind2=" ">
    <subfield code="a">\22!, 566, \2! c.</subfield>
    <subfield code="d">8ʻ</subfield>
  </datafield>
  <datafield tag="620" ind1=" " ind2=" ">
    <subfield code="a">IT</subfield>
    <subfield code="d">Venezia</subfield>
  </datafield>
  <datafield tag="700" ind1=" " ind2="1">
    <subfield code="a">Landsberg,</subfield>
    <subfield code="b">Johann</subfield>
    <subfield code="3">IT\ICCU\CNCA\007212</subfield>
  </datafield>
  <datafield tag="702" ind1=" " ind2="1">
    <subfield code="a">Aceti de&apos; Porti,</subfield>
    <subfield code="b">Serafino</subfield>
    <subfield code="3">IT\ICCU\CNCA\000440</subfield>
  </datafield>
  <datafield tag="712" ind1="0" ind2="0">
    <subfield code="a">Zaltieri, Marcantonio</subfield>
    <subfield code="3">IT\ICCU\CNCT\000631</subfield>
    <subfield code="4">650</subfield>
  </datafield>
  <datafield tag="790" ind1=" " ind2="1">
    <subfield code="a">Lanspergius,</subfield>
    <subfield code="b">Ioannes Iustus</subfield>
    <subfield code="3">IT\ICCU\CNCA\016052</subfield>
    <subfield code="z">Landsberg, Johann</subfield>
  </datafield>
  <datafield tag="790" ind1=" " ind2="1">
    <subfield code="a">Justus,</subfield>
    <subfield code="b">Johannes</subfield>
    <subfield code="3">IT\ICCU\CNCA\016053</subfield>
    <subfield code="z">Landsberg, Johann</subfield>
  </datafield>
  <datafield tag="790" ind1=" " ind2="1">
    <subfield code="a">Landsperger,</subfield>
    <subfield code="b">Johann</subfield>
    <subfield code="3">IT\ICCU\CNCA\016054</subfield>
    <subfield code="z">Landsberg, Johann</subfield>
  </datafield>
  <datafield tag="790" ind1=" " ind2="0">
    <subfield code="a">Jean</subfield>
    <subfield code="c"> : de#Landsberg</subfield>
    <subfield code="3">IT\ICCU\CNCA\020266</subfield>
    <subfield code="z">Landsberg, Johann</subfield>
  </datafield>
  <datafield tag="790" ind1=" " ind2="0">
    <subfield code="a">Serafino</subfield>
    <subfield code="c"> : da#Fermo</subfield>
    <subfield code="3">IT\ICCU\CNCA\010435</subfield>
    <subfield code="z">Aceti de&apos; Porti, Serafino</subfield>
  </datafield>
  <datafield tag="790" ind1=" " ind2="1">
    <subfield code="a">Bologna,</subfield>
    <subfield code="b">Serafino : da</subfield>
    <subfield code="3">IT\ICCU\CNCA\025681</subfield>
    <subfield code="z">Aceti de&apos; Porti, Serafino</subfield>
  </datafield>
  <datafield tag="790" ind1=" " ind2="0">
    <subfield code="a">Serafino</subfield>
    <subfield code="c"> : da#Bologna</subfield>
    <subfield code="3">IT\ICCU\CNCA\026171</subfield>
    <subfield code="z">Aceti de&apos; Porti, Serafino</subfield>
  </datafield>
  <datafield tag="791" ind1="0" ind2="0">
    <subfield code="a">Zalterius, Marcus Antonius</subfield>
    <subfield code="3">IT\ICCU\CNCT\004177</subfield>
    <subfield code="z">Zaltieri, Marcantonio</subfield>
  </datafield>
  <datafield tag="801" ind1=" " ind2="3">
    <subfield code="a">IT</subfield>
    <subfield code="b">ICCU</subfield>
    <subfield code="c">20201114</subfield>
  </datafield>
  <datafield tag="899" ind1=" " ind2=" ">
    <subfield code="a">Biblioteca comunale. Assisi</subfield>
    <subfield code="1">PG0001</subfield>
    <subfield code="2">UM1 10</subfield>
  </datafield>
</record>
</collection>
